% This file was created with JabRef 2.5.
% Encoding: Cp1252

@ARTICLE{ADA2005,
  author = {ADA},
  title = {Standards of Medical Care in Diabetes},
  journal = {Diabet Care},
  year = {2005},
  volume = {28 (Suppl 1)},
  pages = {S4-S36},
  owner = {allasan},
  publisher = {American Diabetes Association},
  timestamp = {2012.10.23}
}

@ARTICLE{albisser1974artificial,
  author = {Albisser, AM and Leibel, BS and Ewart, TG and Davidovac, Z. and Botz,
	CK and Zingg, W.},
  title = {An artificial endocrine pancreas.},
  journal = {Diabetes},
  year = {1974},
  volume = {23},
  pages = {389},
  number = {5},
  owner = {allasan},
  publisher = {Am Diabetes Assoc},
  timestamp = {2012.10.23}
}

@ARTICLE{albisser1974clinical,
  author = {Albisser, AM and Leibel, BS and Ewart, TG and Davidovac, Z. and Botz,
	CK and Zingg, W. and Schipper, H. and Gander, R.},
  title = {Clinical control of diabetes by the artificial pancreas.},
  journal = {Diabetes},
  year = {1974},
  volume = {23},
  pages = {397},
  number = {5},
  owner = {allasan},
  publisher = {Am Diabetes Assoc},
  timestamp = {2012.10.23}
}

@MASTERSTHESIS{JoseManuel,
  author = {Amores López, Jose Manuel},
  title = {Modelado del sistema glucoregulatorio en pacientes con diabetes Mellitus
	1},
  school = {ETSII, UPV},
  year = {2007},
  owner = {allasan},
  timestamp = {2009.11.30}
}

@ARTICLE{bailey2009new,
  author = {Bailey, T. and Zisser, H. and Chang, A.},
  title = {New features and performance of a next-generation SEVEN-day continuous
	glucose monitoring system with short lag time},
  journal = {Diabetes Technol Ther},
  year = {2009},
  volume = {11},
  pages = {749--755},
  number = {12},
  publisher = {Mary Ann Liebert, Inc. 140 Huguenot Street, 3rd Floor New Rochelle,
	NY 10801 USA}
}

@ARTICLE{bailey2007reduction,
  author = {Bailey, T.S. and Zisser, H.C. and Garg, S.K.},
  title = {Reduction in hemoglobin A1C with real-time continuous glucose monitoring:
	results from a 12-week observational study},
  journal = {Diabetes Technol Ther},
  year = {2007},
  volume = {9},
  pages = {203--210},
  number = {3},
  owner = {allasan},
  publisher = {Mary Ann Liebert, Inc. 2 Madison Avenue Larchmont, NY 10538 USA},
  timestamp = {2012.10.23}
}

@ARTICLE{banting1922internal,
  author = {Banting, FG and Best, CH},
  title = {The internal secretion of the pancreas},
  journal = {J Lab Clin Med},
  year = {1922},
  volume = {7},
  pages = {251--266}
}

@ARTICLE{banting1922pancreatic,
  author = {Banting, FG and Best, CH and Collip, JB and Campbell, WR and Fletcher,
	AA},
  title = {Pancreatic extracts in the treatment of diabetes mellitus},
  journal = {Canadian Medical Association Journal},
  year = {1922},
  volume = {12},
  pages = {141},
  number = {3},
  owner = {allasan},
  publisher = {Canadian Medical Association},
  timestamp = {2012.10.23}
}

@MASTERSTHESIS{tesinacrisos,
  author = {Barajas Solano, Crisostomo Alberto},
  title = {Identificación bayesiana de los modelos de absorción de glucosa para
	comidas mixtas},
  school = {Departamento de Eléctrica, Electronica y Automática. Universidad
	de Girona},
  year = {2009},
  owner = {allasan},
  timestamp = {2009.12.18}
}

@ARTICLE{basu2003use,
  author = {Basu, R. and Di Camillo, B. and Toffolo, G. and Basu, A. and Shah,
	P. and Vella, A. and Rizza, R. and Cobelli, C.},
  title = {Use of a novel triple-tracer approach to assess postprandial glucose
	metabolism},
  journal = {Am J Physiol-Endoc M},
  year = {2003},
  volume = {284},
  pages = {E55},
  number = {1},
  publisher = {Am Physiological Soc}
}

@BOOK{bates1988nonlinear,
  title = {Nonlinear regression analysis and its applications},
  publisher = {John Wiley \& Sons New York},
  year = {1988},
  author = {Bates, D.M. and Watts, D.G.}
}

@BOOK{bazaraa2006nonlinear,
  title = {Nonlinear programming: theory and algorithms},
  publisher = {John Wiley and Sons},
  year = {2006},
  author = {Bazaraa, M.S. and Sherali, H.D. and Shetty, CM},
  owner = {allasan},
  timestamp = {2012.10.23}
}

@ARTICLE{berger1989computer,
  author = {Berger, M. and Rodbard, D.},
  title = {Computer simulation of plasma insulin and glucose dynamics after
	subcutaneous insulin injection.},
  journal = {Diabet Care},
  year = {1989},
  volume = {12},
  pages = {725},
  number = {10},
  owner = {allasan},
  publisher = {Am Diabetes Assoc},
  timestamp = {2012.10.23}
}

@ARTICLE{bergman1981physiologic,
  author = {Bergman, RN and Phillips, LS and Cobelli, C.},
  title = {Physiologic evaluation of factors controlling glucose tolerance in
	man: measurement of insulin sensitivity and beta-cell glucose sensitivity
	from the response to intravenous glucose},
  journal = {Journal of Clinical Investigation},
  year = {1981},
  volume = {68},
  pages = {1456},
  number = {6},
  owner = {allasan},
  publisher = {American Society for Clinical Investigation},
  timestamp = {2012.10.23}
}

@ARTICLE{bolli1984dawn,
  author = {Bolli, GB and Gerich, JE},
  title = {The" dawn phenomenon" -- a common occurrence in both non-insulin-dependent
	and insulin-dependent diabetes mellitus},
  journal = {New England Journal of Medicine},
  year = {1984},
  volume = {310},
  pages = {746},
  number = {12},
  owner = {allasan},
  publisher = {Mass Med Soc},
  timestamp = {2012.10.23}
}

@MISC{CL4Mweb,
  author = {Jorge Bondia},
  title = {www.closedloop4meal.org},
  owner = {allasan},
  timestamp = {2012.05.31}
}

@MISC{insulaid,
  author = {Jorge Bondia},
  title = {http://www.insulaid2.org/},
  owner = {allasan},
  timestamp = {2009.12.23},
  url = {http://www.insulaid2.org/}
}

@ARTICLE{jorgeibolus,
  author = {Bondia, J and Dassau, E and Zisser, H and Calm, R and Veh\'i, J and
	Jovanovi\v{c}, L and Doyle III, FJ},
  title = {Coordinated Basal-Bolus Infusion for Tighter Postprandial Glucose
	Control in Insulin Pump Therapy},
  journal = {J Diab Sci Technol},
  year = {2009},
  volume = {3(1)},
  pages = {89--97},
  owner = {allasan},
  timestamp = {2009.12.22}
}

@INPROCEEDINGS{bondia2011use,
  author = {Bondia, J and Laguna, AJ and Rossetti, P and Ampudia-Blasco, FJ and
	Veh\'i, J},
  title = {On the use of hard/soft specifications to deal with intra-patient
	variability in postprandial glucose control in type 1 diabetes},
  booktitle = {IFAC World Congress},
  year = {2011},
  volume = {18},
  number = {1},
  pages = {8347--8353}
}

@BOOK{box1994time,
  title = {Time series analysis: forecasting and control},
  publisher = {Prentice Hall PTR},
  year = {1994},
  author = {Box, G.E.P. and Jenkins, G.M.},
  owner = {allasan},
  timestamp = {2012.10.23}
}

@ARTICLE{breton2008analysis,
  author = {Breton, M. and Kovatchev, B.},
  title = {Analysis, modeling, and simulation of the accuracy of continuous
	glucose sensors},
  journal = {J Diab Sci Technol},
  year = {2008},
  volume = {2},
  pages = {853--862},
  number = {5},
  publisher = {Diabetes Technology Society}
}

@ARTICLE{Buckingham2006,
  author = {B.A. Buckingham and C. Kollman and R. Beck and A. Kalajian and R.
	Fiallo-Scharer and M. Tansey and L.A. Fox and D.M. Wilson and S.A.
	Weinzimer and K.J. Ruedy and W.V. Tamborlane},
  title = {Evaluation of factors affecting CGMS calibration},
  journal = {Diabet
	
	 Technol Ther},
  year = {2006},
  volume = {8},
  pages = {318-325},
  owner = {allasan},
  timestamp = {2012.06.28}
}

@ARTICLE{calm2010comparison,
  author = {Calm, R and Garc\'ia-Jaramillo, M and Bondia, J and Sainz, MA and
	Veh\'i, J},
  title = {Comparison of interval and Monte Carlo simulation for the prediction
	of postprandial glucose under uncertainty in type 1 diabetes mellitus},
  journal = {Comput Meth Prog Bio},
  year = {2010},
  volume = {104},
  pages = {325--332},
  number = {3},
  owner = {allasan},
  publisher = {Elsevier},
  timestamp = {2012.10.23}
}

@CONFERENCE{calm2007prediction,
  author = {Calm, R and Garcia-Jaramillo, M and Veh\'i, J and Bondia, J and Tarin,
	C and Garcia-Gabin, W},
  title = {Prediction of glucose excursions under uncertain parameters and food
	intake in intensive insulin therapy for type 1 diabetes mellitus},
  booktitle = {Engineering in Medicine and Biology Society, 2007. EMBS 2007. 29th
	Annual International Conference of the IEEE},
  year = {2007},
  pages = {1770--1773},
  organization = {IEEE},
  owner = {allasan},
  timestamp = {2012.10.23}
}

@BOOK{camacho2004model,
  title = {Model predictive control},
  publisher = {Springer Verlag},
  year = {2004},
  author = {Camacho, EF and Bordons, C.},
  owner = {allasan},
  timestamp = {2012.10.23}
}

@ARTICLE{chang1997solution,
  author = {Chang, X. and Jorgensen, A.M.M. and Bardrum, P. and Led, J.J.},
  title = {Solution Structures of the R6 Human Insulin Hexamer},
  journal = {Biochemistry},
  year = {1997},
  volume = {36},
  pages = {9409--9422},
  number = {31},
  owner = {allasan},
  timestamp = {2012.10.23}
}

@ARTICLE{chee2003expert,
  author = {Chee, F. and Fernando, TL and Savkin, AV and van Heeden, V.},
  title = {Expert PID control system for blood glucose control in critically
	ill patients},
  journal = {IEEE Transactions on Information Technology in Biomedicine},
  year = {2003},
  volume = {7},
  pages = {419--425},
  number = {4},
  owner = {allasan},
  timestamp = {2012.10.23}
}

@ARTICLE{clarke2009closed,
  author = {Clarke, W.L. and Anderson, S. and Breton, M. and Patek, S. and Kashmer,
	L. and Kovatchev, B. and others},
  title = {Closed-loop artificial pancreas using subcutaneous glucose sensing
	and insulin delivery and a model predictive control algorithm: the
	Virginia experience},
  journal = {J Diab Sci Technol},
  year = {2009},
  volume = {3},
  pages = {1031--1038},
  number = {5},
  owner = {allasan},
  timestamp = {2012.10.23}
}

@ARTICLE{clarke1987evaluating,
  author = {Clarke, W.L. and Cox, D. and Gonder-Frederick, L.A. and Carter, W.
	and Pohl, S.L.},
  title = {Evaluating clinical accuracy of systems for self-monitoring of blood
	glucose},
  journal = {Diabetes Care},
  year = {1987},
  volume = {10},
  pages = {622--628},
  number = {5},
  publisher = {Am Diabetes Assoc}
}

@ARTICLE{cobelli2012pilot,
  author = {Cobelli, C. and Renard, E. and Kovatchev, B.P. and Keith-Hynes, P.
	and Ben, B.N. and Place, J. and Del Favero, S. and Breton, M. and
	Farret, A. and Bruttomesso, D. and others},
  title = {Pilot studies of wearable outpatient artificial pancreas in type
	1 diabetes.},
  journal = {Diabetes care},
  year = {2012},
  volume = {35(9)},
  pages = {e65-7},
  number = {9}
}

@ARTICLE{cobelli1987minimal,
  author = {Cobelli, C. and Thomaseth, K.},
  title = {The minimal model of glucose disappearance: optimal input studies},
  journal = {Math Biosci},
  year = {1987},
  volume = {83},
  pages = {127--155},
  number = {2},
  owner = {allasan},
  publisher = {Elsevier},
  timestamp = {2012.10.23}
}

@ARTICLE{coleman1993interior,
  author = {Coleman, T.F. and Li, Y.},
  title = {An interior trust region approach for nonlinear minimization subject
	to bounds},
  journal = {SIAM Journal on Optimization},
  year = {1996},
  volume = {6},
  pages = {418--445},
  owner = {allasan},
  publisher = {Cornell University},
  timestamp = {2012.10.23}
}

@ARTICLE{cryer2003hypoglycemia,
  author = {Cryer, P.E. and Davis, S.N. and Shamoon, H.},
  title = {Hypoglycemia in diabetes},
  journal = {Diabet Care},
  year = {2003},
  volume = {26},
  pages = {1902},
  number = {6},
  owner = {allasan},
  publisher = {Am Diabetes Assoc},
  timestamp = {2012.10.23}
}

@ARTICLE{man2006system,
  author = {Dalla Man, C and Camilleri, M. and Cobelli, C.},
  title = {A system model of oral glucose absorption: validation on gold standard
	data},
  journal = {IEEE T Bio-Med Eng},
  year = {2006},
  volume = {53},
  pages = {2472--2478},
  number = {12 Part 1},
  owner = {allasan},
  timestamp = {2012.10.23}
}

@ARTICLE{man2007meal,
  author = {Dalla Man, C and Rizza, RA and Cobelli, C.},
  title = {Meal simulation model of the glucose-insulin system},
  journal = {IEEE T Bio-Med Eng},
  year = {2007},
  volume = {54},
  pages = {1740--1749},
  number = {10},
  owner = {allasan},
  timestamp = {2012.10.23}
}

@ARTICLE{Eyal2009abstract,
  author = {Eyal Dassau and Howard Zisser and Benyamin Grosman and Wendy Bevier
	and Matthew W. Percival and Lois Jovanovi\v{c} and Francis J. Doyle
	III},
  title = {Artificial Pancreatic beta-Cell Protocol for Enhanced Model Identification},
  journal = {Not published},
  year = {2009},
  volume = {xxx},
  pages = {xx},
  owner = {allasan},
  timestamp = {2009.12.04}
}

@ARTICLE{del2012glucose,
  author = {Del Favero, S. and Facchinetti, A. and Cobelli, C.},
  title = {A Glucose-Specific Metric to Assess Predictors and Identify Models},
  journal = {Biomedical Engineering, IEEE Transactions on},
  year = {2012},
  volume = {59},
  pages = {1281-1290},
  number = {99},
  owner = {allasan},
  publisher = {IEEE},
  timestamp = {2012.10.23}
}

@ARTICLE{egea2007scatter,
  author = {Egea, J.A. and Rodr{\'\i}guez-Fern{\'a}ndez, M. and Banga, J.R. and
	Mart{\'\i}, R.},
  title = {Scatter search for chemical and bio-process optimization},
  journal = {Journal of Global Optimization},
  year = {2007},
  volume = {37},
  pages = {481--503},
  number = {3},
  owner = {allasan},
  publisher = {Springer},
  timestamp = {2012.10.23}
}

@ARTICLE{Ellingsen:2009vz,
  author = {Ellingsen, Christian and Dassau, Eyal and Zisser, Howard and Grosman,
	Benyamin and Percival, Matthew W and Jovanovi\v{c}, Lois and III,
	Francis J Doyle},
  title = {Safety Constraints in an Artificial Pancreatic Î² Cell: An Implementation
	of Model Predictive Control with Insulin on Board},
  journal = {J Diab Sci Technol},
  year = {2009},
  volume = {3},
  pages = {536--544},
  number = {2},
  owner = {allasan},
  timestamp = {2012.10.23}
}

@ARTICLE{fabietti2006control,
  author = {Fabietti, P.G. and Canonico, V. and Federici, M.O. and Benedetti,
	M.M. and Sarti, E.},
  title = {Control oriented model of insulin and glucose dynamics in type 1
	diabetics},
  journal = {Medical and Biological Engineering and Computing},
  year = {2006},
  volume = {44},
  pages = {69--78},
  number = {1},
  owner = {allasan},
  publisher = {Springer},
  timestamp = {2012.10.23}
}

@ARTICLE{facchinetti2010modeling,
  author = {Facchinetti, A. and Sparacino, G. and Cobelli, C.},
  title = {Modeling the error of continuous glucose monitoring sensor data:
	critical aspects discussed through simulation studies},
  journal = {J Diab Sci Technol},
  year = {2010},
  volume = {4},
  pages = {4--14},
  number = {1},
  owner = {allasan},
  timestamp = {2012.10.23}
}

@ARTICLE{facchinetti2007reconstruction,
  author = {Facchinetti, A. and Sparacino, G. and Cobelli, C.},
  title = {Reconstruction of glucose in plasma from interstitial fluid continuous
	glucose monitoring data: role of sensor calibration},
  journal = {J Diab Sci Technol},
  year = {2007},
  volume = {1},
  pages = {617--623},
  number = {5},
  owner = {allasan},
  timestamp = {2012.10.23}
}

@MISC{FDA,
  author = {FDA},
  title = {http://www.fda.gov/},
  keywords = {FDA Webpage},
  owner = {allasan},
  timestamp = {2009.12.18},
  url = {http://www.fda.gov/}
}

@ARTICLE{finan2009experimental,
  author = {Finan, DA and Doyle III, FJ and Palerm, CC and Bevier, WC and Zisser,
	HC and Jovanovi\v{c}, L and Seborg, DE},
  title = {Experimental Evaluation of a Recursive Model Identification Technique
	for Type 1 Diabetes.},
  journal = {J Diab Sci Technol},
  year = {2009},
  volume = {3},
  pages = {1192--1202},
  number = {5},
  owner = {allasan},
  timestamp = {2012.10.23}
}

@ARTICLE{franceschini2008model,
  author = {Franceschini, G. and Macchietto, S.},
  title = {Model-based design of experiments for parameter precision: State
	of the art},
  journal = {Chemical Engineering Science},
  year = {2008},
  volume = {63},
  pages = {4846--4872},
  number = {19},
  owner = {allasan},
  publisher = {Elsevier},
  timestamp = {2012.10.23}
}

@ARTICLE{gadkar2005iterative,
  author = {Gadkar, K.G. and Gunawan, R. and Doyle, F.J.},
  title = {Iterative approach to model identification of biological networks},
  journal = {BMC bioinformatics},
  year = {2005},
  volume = {6},
  pages = {155},
  number = {1},
  owner = {allasan},
  publisher = {BioMed Central Ltd},
  timestamp = {2012.10.23}
}

@ARTICLE{galvanin2009,
  author = {Galvanin, Federico and Barolo, Massimiliano and Macchietto, Sandro
	and Bezzo, Fabrizio},
  title = {Optimal Design of Clinical Tests for the Identification of Physiological
	Models of Type 1 Diabetes Mellitus},
  journal = {Industrial \& Engineering Chemistry Research},
  year = {2009},
  volume = {48},
  pages = {1989--2002},
  owner = {allasan},
  timestamp = {2010.01.25}
}

@ARTICLE{garcia2009computing,
  author = {Garc\'ia-Jaramillo, M and Calm, R and Bondia, J and Tar\'in, C. and
	Veh\'i, J.},
  title = {Computing the risk of postprandial hypo-and hyperglycemia in type
	1 diabetes mellitus considering intrapatient variability and other
	sources of uncertainty},
  journal = {J Diab Sci Technol},
  year = {2009},
  volume = {3},
  pages = {895},
  number = {4},
  owner = {allasan},
  publisher = {Diabetes Technology Society},
  timestamp = {2012.10.23}
}

@ARTICLE{MairaCMPB,
  author = {Garc\'ia-Jaramillo, M and Calm, R and Bondia, J and Veh\'i, J},
  title = {Insulin dosage optimization based on prediction of postprandial glucose
	excursions under uncertain parameters and food intake},
  journal = {Comput Meth Prog Bio},
  year = {2012},
  volume = {105},
  pages = {61-69},
  number = {1},
  owner = {allasan},
  timestamp = {2012.10.23}
}

@ARTICLE{garg2007continuous,
  author = {Garg, S.K. and Kelly, W.C. and Voelmle, M.K. and Ritchie, P.J. and
	Gottlieb, P.A. and McFann, K.K. and Ellis, S.L.},
  title = {Continuous home monitoring of glucose},
  journal = {Diabet Care},
  year = {2007},
  volume = {30},
  pages = {3023},
  number = {12},
  owner = {allasan},
  publisher = {Am Diabetes Assoc},
  timestamp = {2012.10.23}
}

@ARTICLE{garg2009comparison,
  author = {Garg, S.K. and Smith, J. and Beatson, C. and Lopez-Baca, B. and Voelmle,
	M. and Gottlieb, P.A.},
  title = {Comparison of accuracy and safety of the SEVEN and the Navigator
	continuous glucose monitoring systems},
  journal = {Diabet Technol Ther},
  year = {2009},
  volume = {11},
  pages = {65--72},
  number = {2},
  owner = {allasan},
  publisher = {Mary Ann Liebert, Inc. 140 Huguenot Street, 3rd Floor New Rochelle,
	NY 10801-5215 USA},
  timestamp = {2012.10.23}
}

@ARTICLE{gillis2007glucose,
  author = {Gillis, RS and Palerm, C.C. and Zisser, H. and Jovanovi\v{c}, L.
	and Seborg, D.E. and Doyle III, F.J.},
  title = {Glucose estimation and prediction through meal responses using ambulatory
	subject data for advisory mode model predictive control},
  journal = {J Diab Sci Technol},
  year = {2007},
  volume = {1},
  pages = {825--833},
  owner = {allasan},
  timestamp = {2012.10.23}
}

@BOOK{goldberg1989genetic,
  title = {Genetic algorithms in search, optimization, and machine learning},
  publisher = {Addison-wesley Reading Menlo Park},
  year = {1989},
  author = {Goldberg, D.E. and others},
  owner = {allasan},
  timestamp = {2012.10.23}
}

@ARTICLE{golub1965calculating,
  author = {Golub, G. and Kahan, W.},
  title = {Calculating the singular values and pseudo-inverse of a matrix},
  journal = {Journal of the Society for Industrial and Applied Mathematics: Series
	B, Numerical Analysis},
  year = {1965},
  volume = {2},
  pages = {205--224},
  number = {2},
  owner = {allasan},
  publisher = {Society for Industrial and Applied Mathematics},
  timestamp = {2012.10.23}
}

@ARTICLE{juvenile2010effectiveness,
  author = {Juvenile Diabetes Research Foundation Continuous Glucose Monitoring
	Study Group},
  title = {Effectiveness of continuous glucose monitoring in a clinical care
	environment: evidence from the Juvenile Diabetes Research Foundation
	continuous glucose monitoring (JDRF-CGM) trial},
  journal = {Diabet Care},
  year = {2010},
  volume = {33},
  pages = {17--22},
  owner = {allasan},
  timestamp = {2012.10.23}
}

@ARTICLE{hansen2006cma,
  author = {Hansen, N.},
  title = {The CMA evolution strategy: a comparing review},
  journal = {Towards a new evolutionary computation},
  year = {2006},
  volume = {192},
  pages = {75--102},
  owner = {allasan},
  publisher = {Springer},
  timestamp = {2012.10.23}
}

@INPROCEEDINGS{hansen2004evaluating,
  author = {Hansen, N. and Kern, S.},
  title = {Evaluating the CMA evolution strategy on multimodal test functions},
  booktitle = {Parallel Problem Solving from Nature-PPSN VIII},
  year = {2004},
  pages = {282--291},
  organization = {Springer},
  owner = {allasan},
  timestamp = {2012.10.23}
}

@ARTICLE{helms2009insulin,
  author = {Helms, K.L. and Kelley, K.W.},
  title = {Insulin Glulisine: An Evaluation of Its Pharmacodynamic Properties
	and Clinical Application},
  journal = {The Annals of Pharmacotherapy},
  year = {2009},
  volume = {43},
  pages = {658},
  number = {4},
  owner = {allasan},
  publisher = {Harvey Whitney Books},
  timestamp = {2012.10.23}
}

@ARTICLE{hernando1996diabnet,
  author = {Hernando, ME and G{\'o}mez, EJ and Del Pozo, F. and Corcoy, R.},
  title = {DIABNET: A qualitative model-based advisory system for therapy planning
	in gestational diabetes},
  journal = {Informatics for Health and Social Care},
  year = {1996},
  volume = {21},
  pages = {359--374},
  number = {4},
  owner = {allasan},
  publisher = {Informa UK Ltd UK},
  timestamp = {2012.10.23}
}

@ARTICLE{herrero2007well,
  author = {Herrero, J and Mart\'inez, M. and Sanchis, J. and Blasco, X.},
  title = {Well-Distributed Pareto Front by Using the $\epsilon$-MOGA Evolutionary
	Algorithm},
  journal = {Computational and Ambient Intelligence},
  year = {2007},
  volume = {4507},
  pages = {292--299},
  owner = {allasan},
  publisher = {Springer},
  timestamp = {2012.10.23}
}

@ARTICLE{pauJDSTfault,
  author = {Herrero, P and Calm, R and Veh\'i, J and Armengol, J and Georgiou,
	P and Oliver, N and Toumazou, C},
  title = {Robust Fault Detection System for Insulin Pump Therapy Using Continuous
	Glucose Monitoring},
  journal = {J Diab Sci Technol},
  year = {2012},
  volume = {6(5)},
  pages = {1131-1141},
  owner = {allasan},
  timestamp = {2012.09.07}
}

@CONFERENCE{bibliotecapau,
  author = {Herrero, P and Palerm, CC and Dassau, E and Zisser, H and Jovanovi\v{c},
	L and Dalla Man, C and Cobelli, C and Veh\'i, J and Doyle III, FJ},
  title = {A Glucose Absorption Model Library of Mixed Meals for in Silico Evaluation
	of Artificial $\beta$ cell Control Algorithms},
  booktitle = {Journal of Diabetes Science and Technology},
  year = {March 2008},
  owner = {allasan},
  timestamp = {2010.01.19}
}

@ARTICLE{van2011control,
  author = {van Heusden, K. and Dassau, E. and Zisser, H. and Seborg, D. and
	Doyle, F.},
  title = {Control-relevant models for glucose control using a priori patient
	characteristics},
  journal = {IEEE T Bio-Med Eng},
  year = {2011},
  volume = {2011},
  pages = {Epub ahead of print, 10.1109/TBME.2011.2176939},
  number = {99},
  owner = {allasan},
  publisher = {IEEE},
  timestamp = {2012.10.23}
}

@ARTICLE{hirsch2008clinical,
  author = {Hirsch, I.B. and Armstrong, D. and Bergenstal, R.M. and Buckingham,
	B. and Childs, B.P. and Clarke, W.L. and Peters, A. and Wolpert,
	H.},
  title = {Clinical application of emerging sensor technologies in diabetes
	management: consensus guidelines for continuous glucose monitoring
	(CGM)},
  journal = {Diabet Technol Ther},
  year = {2008},
  volume = {10},
  pages = {232--246},
  number = {4},
  owner = {allasan},
  publisher = {Mary Ann Liebert, Inc. 140 Huguenot Street, 3rd Floor New Rochelle,
	NY 10801-5215 USA},
  timestamp = {2012.10.23}
}

@ARTICLE{horowitz1989relationships,
  author = {Horowitz, M. and Maddox, A. and Bochner, M. and Wishart, J. and Bratasiuk,
	R. and Collins, P. and Shearman, D.},
  title = {Relationships between gastric emptying of solid and caloric liquid
	meals and alcohol absorption},
  journal = {American Journal of Physiology - Gastrointestinal and Liver Physiology},
  year = {1989},
  volume = {257},
  pages = {291},
  number = {2},
  owner = {allasan},
  publisher = {Am Physiological Soc},
  timestamp = {2012.10.23}
}

@ARTICLE{hovorka2006continuous,
  author = {Hovorka, R.},
  title = {Continuous glucose monitoring and closed-loop systems},
  journal = {Diabetic Medicine},
  year = {2006},
  volume = {23},
  pages = {1--12},
  number = {1},
  owner = {allasan},
  publisher = {Chichester [Sussex, England]; New York: Wiley,[c1984-},
  timestamp = {2012.10.23}
}

@ARTICLE{hovorka2010manual,
  author = {Hovorka, R. and Allen, J.M. and Elleri, D. and Chassin, L.J. and
	Harris, J. and Xing, D. and Kollman, C. and Hovorka, T. and Larsen,
	A.M.F. and Nodale, M. and others},
  title = {Manual closed-loop insulin delivery in children and adolescents with
	type 1 diabetes: a phase 2 randomised crossover trial},
  journal = {Lancet},
  year = {2010},
  volume = {375},
  pages = {743--751},
  number = {9716},
  owner = {allasan},
  publisher = {Elsevier},
  timestamp = {2012.10.23}
}

@ARTICLE{hovorka2004nonlinear,
  author = {Hovorka, R. and Canonico, V. and Chassin, L.J. and Haueter, U. and
	Massi-Benedetti, M. and Orsini Federici, M. and Pieber, T.R. and
	Schaller, H.C. and Schaupp, L. and Vering, T. and others},
  title = {Nonlinear model predictive control of glucose concentration in subjects
	with type 1 diabetes},
  journal = {Physiological Measurement},
  year = {2004},
  volume = {25},
  pages = {905--920},
  owner = {allasan},
  timestamp = {2012.10.23}
}

@ARTICLE{hovorka2007blood,
  author = {Hovorka, R. and Kremen, J. and Blaha, J. and Matias, M. and Anderlova,
	K. and Bosanska, L. and Roubicek, T. and Wilinska, M.E. and Chassin,
	L.J. and Svacina, S. and others},
  title = {Blood glucose control by a model predictive control algorithm with
	variable sampling rate versus a routine glucose management protocol
	in cardiac surgery patients: a randomized controlled trial},
  journal = {Journal of Clinical Endocrinology \& Metabolism},
  year = {2007},
  volume = {92},
  pages = {2960},
  number = {8},
  owner = {allasan},
  publisher = {Endocrine Soc},
  timestamp = {2012.10.23}
}

@ARTICLE{hovorka2013assessing,
  author = {Hovorka, Roman and Nodale, Marianna and Haidar, Ahmad and Wilinska,
	Malgorzata E},
  title = {Assessing performance of closed-loop insulin delivery systems by
	continuous glucose monitoring: drawbacks and way forward},
  journal = {Diabetes technology \& therapeutics},
  year = {2013},
  volume = {15},
  pages = {4--12},
  number = {1},
  publisher = {Mary Ann Liebert, Inc. 140 Huguenot Street, 3rd Floor New Rochelle,
	NY 10801 USA}
}

@ARTICLE{hovorka2002partitioning,
  author = {Hovorka, R. and Shojaee-Moradie, F. and Carroll, P.V. and Chassin,
	L.J. and Gowrie, I.J. and Jackson, N.C. and Tudor, R.S. and Umpleby,
	A.M. and Jones, R.H.},
  title = {Partitioning glucose distribution/transport, disposal, and endogenous
	production during IVGTT},
  journal = {Am J Physiol-Endoc M},
  year = {2002},
  volume = {282},
  pages = {E992},
  number = {5},
  owner = {allasan},
  publisher = {Am Physiological Soc},
  timestamp = {2012.10.23}
}

@ARTICLE{hovorka2006roadmap,
  author = {Hovorka, R. and Wilinska, M.E. and Chassin, L.J. and Dunger, D.B.},
  title = {Roadmap to the artificial pancreas},
  journal = {Diabetes Research and Clinical Practice},
  year = {2006},
  volume = {74},
  pages = {S178--S182},
  owner = {allasan},
  publisher = {Elsevier},
  timestamp = {2012.10.23}
}

@ARTICLE{hunt1954influence,
  author = {Hunt, JN and MacDonald, I.},
  title = {The influence of volume on gastric emptying},
  journal = {The Journal of Physiology},
  year = {1954},
  volume = {126},
  pages = {459},
  number = {3},
  owner = {allasan},
  publisher = {Blackwell Publishing},
  timestamp = {2012.10.23}
}

@ARTICLE{hunt1975volume,
  author = {Hunt, JN and Stubbs, DF},
  title = {The volume and energy content of meals as determinants of gastric
	emptying.},
  journal = {The Journal of Physiology},
  year = {1975},
  volume = {245},
  pages = {209},
  number = {1},
  owner = {allasan},
  publisher = {Physiological Soc},
  timestamp = {2012.10.23}
}

@BOOKLET{IDFatlas,
  title = {Diabetes Atlas},
  author = {IDF},
  year = {2005},
  owner = {allasan},
  timestamp = {2012.10.23}
}

@PHDTHESIS{mairathesis,
  author = {Maira Alejandra García Jaramillo},
  title = {Prediction of postprandial blood glucose under intra-patient variability
	and uncertainty and its use in the design of insulin dosing strategies
	for type 1 diabetic patients},
  school = {Universitat de Girona},
  year = {2011},
  owner = {allasan},
  timestamp = {2013.07.02}
}

@BOOK{jaulin2001applied,
  title = {Applied interval analysis: with examples in parameter and state estimation,
	robust control and robotics},
  publisher = {Springer Verlag},
  year = {2001},
  author = {Luc Jaulin and Michel Kieffer and Olivier Didrit and Eric Walter},
  volume = {1},
  owner = {allasan},
  timestamp = {2012.10.23}
}

@MISC{JDRF,
  author = {JDRF},
  title = {http://www.jdrf.org/},
  keywords = {JDRF Webpage},
  owner = {allasan},
  timestamp = {2009.12.18},
  url = {http://www.jdrf.org/}
}

@ARTICLE{jdrf2008jdrf,
  author = {JDRF, CGM},
  title = {JDRF randomized clinical trial to assess the efficacy of real-time
	continuous glucose monitoring in the management of type 1 diabetes:
	research design and methods.},
  journal = {Diabet Technol Ther},
  year = {2008},
  volume = {10},
  pages = {310},
  number = {4},
  owner = {allasan},
  timestamp = {2012.10.23}
}

@ARTICLE{kadish1963automation,
  author = {Kadish, A.H.},
  title = {Automation control of blood sugar a servomechanism for glucose monitoring
	and control},
  journal = {ASAIO Journal},
  year = {1963},
  volume = {9},
  pages = {363},
  owner = {allasan},
  timestamp = {2012.10.23}
}

@ARTICLE{kamath2009analysis,
  author = {Kamath, A. and Mahalingam, A. and Brauker, J.},
  title = {Analysis of time lags and other sources of error of the DexCom SEVEN
	continuous glucose monitor},
  journal = {Diabet Technol Ther},
  year = {2009},
  volume = {11},
  pages = {689--695},
  number = {11},
  owner = {allasan},
  publisher = {Mary Ann Liebert, Inc. 140 Huguenot Street, 3rd Floor New Rochelle,
	NY 10801 USA},
  timestamp = {2012.10.23}
}

@ARTICLE{keenan2010accuracy,
  author = {Keenan, D.B. and Cartaya, R. and Mastrototaro, J.J.},
  title = {Accuracy of a new real-time continuous glucose monitoring algorithm},
  journal = {J Diabetes Sci Technol},
  year = {2010},
  volume = {4},
  pages = {111},
  number = {1},
  owner = {allasan},
  publisher = {Diabetes Technology Society},
  timestamp = {2012.10.23}
}

@ARTICLE{kieffer2011guaranteed,
  author = {Kieffer, M. and Walter, E.},
  title = {Guaranteed estimation of the parameters of nonlinear continuous-time
	models: Contributions of interval analysis},
  journal = {International Journal of Adaptive Control and Signal Processing},
  year = {2011},
  volume = {25},
  pages = {191--207},
  number = {3},
  owner = {allasan},
  publisher = {Wiley Online Library},
  timestamp = {2012.10.23}
}

@ARTICLE{kimball1923aqueous,
  author = {Kimball, CP and Murlin, JR},
  title = {Aqueous extracts of pancreas. III. Some precipitation reactions of
	insulin},
  journal = {J biol Chem},
  year = {1923},
  volume = {58},
  pages = {337},
  owner = {allasan},
  timestamp = {2012.10.23}
}

@ARTICLE{king2007modeling,
  author = {King, C. and Anderson, S.M. and Breton, M. and Clarke, W.L. and Kovatchev,
	B.P.},
  title = {Modeling of calibration effectiveness and blood-to-interstitial glucose
	dynamics as potential confounders of the accuracy of continuous glucose
	sensors during hyperinsulinemic clamp},
  journal = {J Diab Sci Technol},
  year = {2007},
  volume = {1},
  pages = {317--322},
  number = {3},
  owner = {allasan},
  publisher = {NIH Public Access},
  timestamp = {2012.10.23}
}

@INPROCEEDINGS{kirchsteiger2011estimating,
  author = {Kirchsteiger, H. and Estrada, G.C. and Pölzer, S. and Renard, E.
	and del Re, L.},
  title = {Estimating Interval Process Models for Type 1 Diabetes for Robust
	Control Design},
  booktitle = {Proceedings of the 18th IFAC World Congress},
  year = {2011},
  volume = {18},
  number = {1},
  pages = {11761--11766},
  owner = {allasan},
  timestamp = {2012.10.23}
}

@ARTICLE{kobayashi1983pharmacokinetics,
  author = {Kobayashi, T. and Sawano, S. and Itoh, T. and Kosaka, K. and Hirayama,
	H. and Kasuya, Y.},
  title = {The pharmacokinetics of insulin after continuous subcutaneous infusion
	or bolus subcutaneous injection in diabetic patients.},
  journal = {Diabetes},
  year = {1983},
  volume = {32},
  pages = {331},
  number = {4},
  owner = {allasan},
  publisher = {Am Diabetes Assoc},
  timestamp = {2012.10.23}
}

@ARTICLE{kondepati2007recent,
  author = {Kondepati, V.R. and Heise, H.M.},
  title = {Recent progress in analytical instrumentation for glycemic control
	in diabetic and critically ill patients},
  journal = {Analytical and bioanalytical chemistry},
  year = {2007},
  volume = {388},
  pages = {545--563},
  number = {3},
  owner = {allasan},
  publisher = {Springer},
  timestamp = {2012.10.23}
}

@ARTICLE{kovatchev2009biosimulation,
  author = {Kovatchev, B.P. and Breton, M. and Dalla Man, C. and Cobelli, C.},
  title = {In Silico Preclinical Trials: A Proof of Concept in Closed-Loop Control
	of Type 1 Diabetes},
  journal = {J Diab Sci Technol},
  year = {2009},
  volume = {3},
  pages = {44--55},
  number = {1},
  owner = {allasan},
  publisher = {Diabetes Technology Society},
  timestamp = {2012.10.23}
}

@ARTICLE{kovatchev2004evaluating,
  author = {Kovatchev, B.P. and Gonder-Frederick, L.A. and Cox, D.J. and Clarke,
	W.L.},
  title = {Evaluating the Accuracy of Continuous Glucose-Monitoring Sensors
	Continuous glucose--error grid analysis illustrated by TheraSense
	Freestyle Navigator data},
  journal = {Diabet Care},
  year = {2004},
  volume = {27},
  pages = {1922--1928},
  number = {8},
  publisher = {Am Diabetes Assoc}
}

@ARTICLE{kraegen1984insulin,
  author = {Kraegen, EW and Chisholm, DJ},
  title = {Insulin responses to varying profiles of subcutaneous insulin infusion:
	kinetic modelling studies},
  journal = {Diabetologia},
  year = {1984},
  volume = {26},
  pages = {208--213},
  number = {3},
  owner = {allasan},
  publisher = {Springer},
  timestamp = {2012.10.23}
}

@ARTICLE{kuzuya1977determination,
  author = {Kuzuya, H. and Blix, PM and Horwitz, DL and Steiner, DF and Rubenstein,
	AH},
  title = {Determination of free and total insulin and C-peptide in insulin-treated
	diabetics.},
  journal = {Diabetes},
  year = {1977},
  volume = {26},
  pages = {22--29},
  number = {1},
  owner = {allasan},
  publisher = {Am Diabetes Assoc},
  timestamp = {2012.10.23}
}

@MASTERSTHESIS{TesinaAlejandro,
  author = {Laguna Sanz, Alejandro José},
  title = {Model Identification from Ambulatory Data for Post-Prandial Glucose
	Control in type 1 Diabetes},
  school = {Departament d'Enginyeria de Sistemes i Automàtica},
  year = {2010},
  owner = {allasan},
  timestamp = {2010.07.20}
}

@ARTICLE{Laguna2013postprandial,
  author = {Laguna, AJ and Rossetti, P and Ampudia-Blasco, FJ and Veh\'i, J and
	Bondia, J},
  title = {Postprandial performance of Dexcom SEVEN PLUS and Medtronic Paradigm
	Veo: Modeling and statistical analysis},
  journal = {Biomed. Signal Process. Control},
  year = {2013},
  volume = {http://dx.doi.org/10.1016/j.bspc.2012.12.003},
  owner = {allasan},
  timestamp = {2013.01.17}
}

@INPROCEEDINGS{laguna2012BMS,
  author = {Laguna, AJ and Rossetti, P and Ampudia-Blasco, FJ and Veh\'i, J and
	Bondia, J},
  title = {Identification of intra-patient variability in the postprandial response
	of patients with type 1 diabetes},
  booktitle = {8th IFAC Symposium on Biological and Medical Systems},
  year = {2012},
  owner = {allasan},
  timestamp = {2012.12.13}
}

@CONFERENCE{lagunaattd2012,
  author = {Laguna, AJ and Rossetti, P and Ampudia-Blasco, FJ and Veh\'i, J and
	Bondia, J},
  title = {Postprandial Behavior of {Dexcom SEVEN PLUS} Continuous Glucose Monitoring
	System: Statistical Analysis and Simulation},
  booktitle = {Proceeding of the 5th International Conference on Advanced Technologies
	\& Treatments for Diabetes},
  year = {2012},
  owner = {allasan},
  timestamp = {2012.02.17}
}

@CONFERENCE{lagunaBMS2012,
  author = {Laguna, AJ and Rossetti, P and Ampudia-Blasco, FJ and Veh\'i, J and
	Bondia, J},
  title = {Identification of intra-patient variability in the postprandial response
	of patients with type 1 diabetes},
  booktitle = {8th IFAC Symposium on Biological and Medical Systems},
  year = {2012},
  owner = {allasan},
  timestamp = {2012.09.06}
}

@CONFERENCE{DTMlaguna2010,
  author = {Laguna, AJ and Rossetti, P and Ampudia-Blasco, FJ and Veh\'i, J and
	Bondia, J},
  title = {Improving Postprandial Model Identification Using Ambulatory Data
	from Type 1 Diabetic Patients},
  booktitle = {10th annual Diabetes Technology Meeting},
  year = {2010},
  owner = {allasan},
  timestamp = {2010.07.16}
}

@INPROCEEDINGS{UKACClaguna2010,
  author = {Laguna, AJ and Rossetti, P and Ampudia-Blasco, FJ and Veh\'i, J and
	Bondia, J},
  title = {Optimal Design for Individual Model Identification based on Ambulatory
	Continuous Glucose Monitoring in Patients with Type 1 Diabetes},
  booktitle = {Proceedings of the UKACC International Conference on Control 2010},
  year = {2010},
  owner = {allasan},
  timestamp = {2010.07.16}
}

@ARTICLE{leal2010enhanced,
  author = {Leal, Y and Garcia-Gabin, W and Bondia, J and Esteve, E and Ricart,
	W and Fern\'andez-Real, JM and Veh\'i, J},
  title = {Enhanced algorithm for glucose estimation using the continuous glucose
	monitoring system.},
  journal = {Medical Science Monitor: international medical journal of experimental
	and clinical research},
  year = {2010},
  volume = {16},
  pages = {MT51},
  number = {6},
  owner = {allasan},
  timestamp = {2012.10.23}
}

@ARTICLE{leal2010real,
  author = {Leal, Y and Garcia-Gabin, W and Bondia, J and Esteve, E and Ricart,
	W and Fern\'andez-Real, JM and Veh\'i, J},
  title = {Real-Time Glucose Estimation Algorithm for Continuous Glucose Monitoring
	Using Autoregressive Models},
  journal = {J Diab Sci Technol},
  year = {2010},
  volume = {4},
  pages = {391--403},
  number = {2},
  owner = {allasan},
  timestamp = {2012.10.23}
}

@ARTICLE{lecavalier1989contributions,
  author = {Lecavalier, L. and Bolli, G. and Cryer, P. and Gerich, J.},
  title = {Contributions of gluconeogenesis and glycogenolysis during glucose
	counterregulation in normal humans},
  journal = {Am J Physiol-Endoc M},
  year = {1989},
  volume = {256},
  pages = {E844},
  number = {6},
  owner = {allasan},
  publisher = {Am Physiological Soc},
  timestamp = {2012.10.23}
}

@ARTICLE{lehmann1992physiological,
  author = {Lehmann, ED and Deutsch, T.},
  title = {A physiological model of glucose-insulin interaction in type 1 diabetes
	mellitus},
  journal = {Journal of Biomedical Engineering},
  year = {1992},
  volume = {14},
  pages = {235--242},
  number = {3},
  owner = {allasan},
  publisher = {Elsevier},
  timestamp = {2012.10.23}
}

@ARTICLE{li2009systemically,
  author = {Li, J. and Kuang, Y.},
  title = {Systemically modeling the dynamics of plasma insulin in subcutaneous
	injection of insulin analogues for type 1 diabetes},
  journal = {Mathematical Biosciences and Engineering (MBE)},
  year = {2009},
  volume = {6},
  pages = {41--58},
  number = {1},
  owner = {allasan},
  timestamp = {2012.10.23}
}

@ARTICLE{liu1982generation,
  author = {Liu, B. and Munson Jr, D.},
  title = {Generation of a random sequence having a jointly specified marginal
	distribution and autocovariance},
  journal = {Acoustics, Speech and Signal Processing, IEEE Transactions on},
  year = {1982},
  volume = {30},
  pages = {973--983},
  number = {6},
  owner = {allasan},
  publisher = {IEEE},
  timestamp = {2012.10.23}
}

@BOOK{ljung1999system,
  title = {System Identification: Theory for the User},
  publisher = {Prentice-Hall, Upper Saddle River, NJ,},
  year = {1999},
  author = {Ljung, L.},
  owner = {allasan},
  timestamp = {2012.10.23}
}

@ARTICLE{magni2007model,
  author = {Magni, L. and Raimondo, D.M. and Bossi, L. and Dalla Man, C. and
	De Nicolao, G. and Kovatchev, B. and Cobelli, C.},
  title = {Model predictive control of type 1 diabetes: an in silico trial},
  journal = {J Diab Sci Technol},
  year = {2007},
  volume = {1},
  pages = {804--812},
  number = {6},
  owner = {allasan},
  timestamp = {2012.10.23}
}

@ARTICLE{marchetti2008improved,
  author = {Marchetti, G. and Barolo, M. and Jovanovi\v{c}, L. and Zisser, H.
	and Seborg, D.E.},
  title = {An improved PID switching control strategy for type 1 diabetes},
  journal = {IEEE T Bio-Med Eng},
  year = {2008},
  volume = {55},
  pages = {857--865},
  number = {3},
  owner = {allasan},
  publisher = {New York, NY: Institute of Electrical and Electronics Engineers,
	c1964-},
  timestamp = {2012.10.23}
}

@ARTICLE{mastrototaro2000minimed,
  author = {Mastrototaro, J.J.},
  title = {The MiniMed continuous glucose monitoring system},
  journal = {Diabet Technol Ther},
  year = {2000},
  volume = {2},
  pages = {13--18},
  number = {1, Supplement 1},
  owner = {allasan},
  publisher = {Mary Ann Liebert, Inc.},
  timestamp = {2012.10.23}
}

@ARTICLE{mazze2009evaluating,
  author = {Mazze, R.S. and Strock, E. and Borgman, S. and Wesley, D. and Stout,
	P. and Racchini, J.},
  title = {Evaluating the accuracy, reliability, and clinical applicability
	of continuous glucose monitoring (CGM): Is CGM ready for real time?},
  journal = {Diabet Technol Ther},
  year = {2009},
  volume = {11},
  pages = {11--18},
  number = {1},
  owner = {allasan},
  publisher = {Mary Ann Liebert, Inc. 140 Huguenot Street, 3rd Floor New Rochelle,
	NY 10801-5215 USA},
  timestamp = {2012.10.23}
}

@MISC{Medtronic,
  author = {Medtronic},
  title = {http://www.medtronic.com/},
  keywords = {Medtronic Webpage},
  owner = {allasan},
  timestamp = {2009.12.09},
  url = {http://www.medtronic.com/}
}

@ARTICLE{mitchell1989gastric,
  author = {Mitchell, JB and Costill, DL and Houmard, JA and Fink, WJ and Robergs,
	RA and Davis, JA},
  title = {Gastric emptying: influence of prolonged exercise and carbohydrate
	concentration},
  journal = {Medicine \& Science in Sports \& Exercise},
  year = {1989},
  volume = {21},
  pages = {269},
  number = {3},
  owner = {allasan},
  timestamp = {2012.10.23}
}

@ARTICLE{mitrakou1991hierarchy,
  author = {Mitrakou, A. and Ryan, C. and Veneman, T. and Mokan, M. and Jenssen,
	T. and Kiss, I. and Durrant, J. and Cryer, P. and Gerich, J.},
  title = {Hierarchy of glycemic thresholds for counterregulatory hormone secretion,
	symptoms, and cerebral dysfunction},
  journal = {Am J Physiol-Endoc M},
  year = {1991},
  volume = {260},
  pages = {E67},
  number = {1},
  owner = {allasan},
  publisher = {Am Physiological Soc},
  timestamp = {2012.10.23}
}

@BOOK{moore1979methods,
  title = {Methods and applications of interval analysis},
  publisher = {Society for Industrial Mathematics},
  year = {1979},
  author = {Moore, R.E. and Bierbaum, F.},
  owner = {allasan},
  timestamp = {2012.10.23}
}

@ARTICLE{mosekilde1989modeling,
  author = {Mosekilde, E. and Jensen, K.S. and Binder, C. and Pramming, S. and
	Thorsteinsson, B.},
  title = {Modeling absorption kinetics of subcutaneous injected soluble insulin},
  journal = {Journal of Pharmacokinetics and Pharmacodynamics},
  year = {1989},
  volume = {17},
  pages = {67--87},
  number = {1},
  owner = {allasan},
  publisher = {Springer},
  timestamp = {2012.10.23}
}

@ARTICLE{murlin1923aqueous,
  author = {Murlin, JR and Clough, HD and Gibbs, CBF and Stokes, AM},
  title = {Aqueous extracts of pancreas. I. Influence on the carbohydrate metabolism
	of depancreatized animals},
  journal = {J biol Chem},
  year = {1923},
  volume = {56},
  pages = {153--296},
  owner = {allasan},
  timestamp = {2012.10.23}
}

@ARTICLE{murphy2008effectiveness,
  author = {Murphy, H.R. and Rayman, G. and Lewis, K. and Kelly, S. and Johal,
	B. and Duffield, K. and Fowler, D. and Campbell, P.J. and Temple,
	R.C.},
  title = {Effectiveness of continuous glucose monitoring in pregnant women
	with diabetes: randomised clinical trial},
  journal = {British Medical Journal},
  year = {2008},
  volume = {337},
  pages = {a1680},
  number = {sep25 2},
  owner = {allasan},
  publisher = {Br Med Assoc},
  timestamp = {2012.10.23}
}

@CONFERENCE{natalucci2003glucose,
  author = {Natalucci, S. and Di Nardo, F. and Staffolani, P. and De Marzi, C.
	and Morosini, P. and Burattini, R.},
  title = {Glucose absorption and insulin sensitivity from oral glucose tolerance
	test},
  booktitle = {Engineering in Medicine and Biology Society, 2003. Proceedings of
	the 25th Annual International Conference of the IEEE},
  year = {2003},
  volume = {3},
  owner = {allasan},
  timestamp = {2012.10.23}
}

@ARTICLE{nowotny2012precision,
  author = {Nowotny, B. and Nowotny, PJ and Strassburger, K. and Roden, M.},
  title = {Precision and accuracy of blood glucose measurements using three
	different instruments},
  journal = {Diabetic Medicine},
  year = {2012},
  volume = {29},
  pages = {260--265},
  number = {2},
  owner = {allasan},
  publisher = {Wiley Online Library},
  timestamp = {2012.10.23}
}

@ARTICLE{nucci2000models,
  author = {Nucci, G. and Cobelli, C.},
  title = {Models of subcutaneous insulin kinetics. A critical review},
  journal = {Comput Meth Prog Bio},
  year = {2000},
  volume = {62},
  pages = {249--257},
  number = {3},
  owner = {allasan},
  publisher = {Elsevier},
  timestamp = {2012.10.23}
}

@INPROCEEDINGS{palerm2006robust,
  author = {Palerm, C. and Rodríguez-Fernández, M. and Bevier, WC. and Zisser,
	H and Banga, JR. and Jovanovi\v{c}, L and Doyle 3r, FJ.},
  title = {Robust Parameter Estimation in a Model for Glucose Kinetics in Type
	1 Diabetes Subjects},
  booktitle = {Proceedings of the 28th IEEE EMBS Annual International Conference
	New York City, USA, Aug 30-Sept 3, 2006},
  year = {2006},
  owner = {allasan},
  timestamp = {2009.12.09}
}

@ARTICLE{Palerm:2001tz,
  author = {Palerm, C and Willis, J and Desemone, J and Bequette, B},
  title = {Hypoglycemia prediction and detection using optimal estimation},
  journal = {Diabetes Technol Ther},
  year = {2005},
  volume = {7},
  pages = {3--14},
  number = {1},
  owner = {allasan},
  timestamp = {2012.10.23}
}

@ARTICLE{palerm2007prandial,
  author = {Palerm, C.C. and Zisser, H. and Bevier, W.C. and Jovanovi\v{c}, L.
	and Doyle, F.J.},
  title = {Prandial Insulin Dosing Using Run-to-Run Control},
  journal = {Diabet Care},
  year = {2007},
  volume = {30},
  pages = {1131},
  number = {5},
  owner = {allasan},
  publisher = {Am Diabetes Assoc},
  timestamp = {2012.10.23}
}

@ARTICLE{palerm2008run,
  author = {Palerm, C.C. and Zisser, H. and Jovanovi\v{c}, L. and Doyle, F.J.},
  title = {A run-to-run control strategy to adjust basal insulin infusion rates
	in type 1 diabetes},
  journal = {Journal of Process Control},
  year = {2008},
  volume = {18},
  pages = {258--265},
  number = {3-4},
  owner = {allasan},
  publisher = {Elsevier},
  timestamp = {2012.10.23}
}

@CONFERENCE{palumbo2008robust,
  author = {Palumbo, P. and Pepe, P. and Panunzi, S. and De Gaetano, A.},
  title = {Robust closed-loop control of plasma glycemia: A discrete-delay model
	approach},
  booktitle = {47th IEEE Conference on Decision and Control, 2008. CDC 2008},
  year = {2008},
  pages = {3330--3335},
  owner = {allasan},
  timestamp = {2012.10.23}
}

@ARTICLE{panteleon2004novel,
  author = {Panteleon, AE and Loutseiko, M. and Steil, GM and Rebrin, K.},
  title = {A novel approach for closed-loop control of meal induced carbohydrate
	intake},
  journal = {Diabet Technol Ther},
  year = {2004},
  volume = {6},
  pages = {265},
  owner = {allasan},
  timestamp = {2012.10.23}
}

@ARTICLE{panunzi2007discrete,
  author = {Panunzi, S. and Palumbo, P. and De Gaetano, A.},
  title = {A discrete single delay model for the intra-venous glucose tolerance
	test},
  journal = {Theoretical Biology and Medical Modelling},
  year = {2007},
  volume = {4},
  pages = {35},
  number = {1},
  owner = {allasan},
  publisher = {BioMed Central Ltd},
  timestamp = {2012.10.23}
}

@ARTICLE{parker2001intravenous,
  author = {Parker, RS and Doyle III, FJ and Peppas, NA},
  title = {The intravenous route to blood glucose control},
  journal = {IEEE Engineering in Medicine and Biology Magazine},
  year = {2001},
  volume = {20},
  pages = {65--73},
  number = {1},
  owner = {allasan},
  timestamp = {2012.10.23}
}

@ARTICLE{parker1999model,
  author = {Parker, R.S. and Doyle, F.J. and Peppas, N.A.},
  title = {A model-based algorithm for blood glucose control in type I diabetic
	patients},
  journal = {IEEE T Bio-Med Eng},
  year = {1999},
  volume = {46},
  pages = {148--157},
  number = {2},
  owner = {allasan},
  publisher = {Institute of Electrical and Electronics Engineers, Inc, 445 Hoes
	Ln, Piscataway, NJ, 08854-1331, UK,},
  timestamp = {2012.10.23}
}

@ARTICLE{percival2010modeling,
  author = {Percival, M.W. and Bevier, W.C. and Wang, Y. and Dassau, E. and Zisser,
	H.C. and Jovanovi{\v{c}}, L. and Doyle 3rd, FJ},
  title = {Modeling the effects of subcutaneous insulin administration and carbohydrate
	consumption on blood glucose},
  journal = {J Diab Sci Technol},
  year = {2010},
  volume = {4},
  pages = {1214-1228},
  number = {5},
  owner = {allasan},
  timestamp = {2012.10.23}
}

@ARTICLE{percival,
  author = {Percival, M.W. and Dassau, E. and Zisser, H. and Jovanovic, L. and
	Doyle III, F.J.},
  title = {Practical Approach to Design and Implementation of a Control Algorithm
	in an Artificial Pancreatic Beta Cell},
  journal = {Industrial and Engineering Chemistry Research},
  year = {2009},
  volume = {48},
  pages = {6059--6067},
  owner = {allasan},
  publisher = {American Chemical Society},
  timestamp = {2012.10.23}
}

@ARTICLE{de2012prediction,
  author = {de Pereda, D and Romero-Vivo, S and Ricarte, B and Bondia, J},
  title = {On the prediction of glucose concentration under intra-patient variability
	in type 1 diabetes: a monotone systems approach},
  journal = {Comput Meth Prog Bio},
  year = {2012},
  volume = {108 (3)},
  pages = {993-1001},
  owner = {allasan},
  timestamp = {2012.05.31}
}

@CONFERENCE{diegoattd2012,
  author = {de Pereda, D and Romero-Vivo, S and Ricarte, B and Bondia, J},
  title = {The computation of solution envelopes for the glucose-insulin model},
  booktitle = {5th International Conference on Advanced Technologies \& Treatments
	for Diabetes},
  year = {2012},
  owner = {allasan},
  timestamp = {2012.02.17}
}

@ARTICLE{perriello1991dawn,
  author = {Perriello, G. and Feo, P. and Torlone, E. and Fanelli, C. and Santeusanio,
	F. and Brunetti, P. and Bolli, GB},
  title = {The dawn phenomenon in type 1 (insulin-dependent) diabetes mellitus:
	magnitude, frequency, variability, and dependency on glucose counterregulation
	and insulin sensitivity},
  journal = {Diabetologia},
  year = {1991},
  volume = {34},
  pages = {21--28},
  number = {1},
  owner = {allasan},
  publisher = {Springer},
  timestamp = {2012.10.23}
}

@ARTICLE{pfeiffer1974artificial,
  author = {Pfeiffer, EF and Thum, C. and Clemens, AH},
  title = {The artificial beta cell - a continuous control of blood sugar by
	external regulation of insulin infusion (glucose controlled insulin
	infusion system)},
  journal = {Horm Metab Res},
  year = {1974},
  volume = {6},
  pages = {339--342},
  number = {5},
  owner = {allasan},
  timestamp = {2012.10.23}
}

@ARTICLE{pickup2002continuous,
  author = {Pickup, J. and Keen, H.},
  title = {Continuous subcutaneous insulin infusion at 25 years},
  journal = {Diabet
	
	 Technol Ther Care},
  year = {2002},
  volume = {25},
  pages = {593},
  number = {3},
  owner = {allasan},
  publisher = {Am Diabetes Assoc},
  timestamp = {2012.10.23}
}

@ARTICLE{plank2006multicentric,
  author = {Plank, J. and Blaha, J. and Cordingley, J. and Wilinska, M.E. and
	Chassin, L.J. and Morgan, C. and Squire, S. and Haluzik, M. and Kremen,
	J. and Svacina, S. and others},
  title = {Multicentric, randomized, controlled trial to evaluate blood glucose
	control by the model predictive control algorithm versus routine
	glucose management protocols in intensive care unit patients},
  journal = {Diabet Care},
  year = {2006},
  volume = {29},
  pages = {271},
  number = {2},
  owner = {allasan},
  publisher = {Am Diabetes Assoc},
  timestamp = {2012.10.23}
}

@ARTICLE{pohjanpalo1978system,
  author = {Pohjanpalo, H.},
  title = {System identifiability based on the power series expansion of the
	solution},
  journal = {Math Biosci},
  year = {1978},
  volume = {41},
  pages = {21--33},
  number = {1-2},
  owner = {allasan},
  publisher = {Elsevier},
  timestamp = {2012.10.23}
}

@ARTICLE{powell1978fast,
  author = {Powell, M.},
  title = {A fast algorithm for nonlinearly constrained optimization calculations},
  journal = {Numerical analysis},
  year = {1978},
  volume = {630/1978},
  pages = {144--157},
  owner = {allasan},
  publisher = {Springer},
  timestamp = {2012.10.23}
}

@INPROCEEDINGS{Powell1978NLSQP,
  author = {Powell, MJD},
  title = {A fast algorithm for nonlinearly constrained optimization calculations},
  booktitle = {Numerical analysis: proceedings of the Biennial Conference held at
	Dundee, June 28-July 1, 1977},
  year = {1978},
  pages = {144},
  owner = {allasan},
  timestamp = {2009.12.09}
}

@ARTICLE{puckett1995model,
  author = {Puckett, WR and Lightfoot, EN},
  title = {A model for multiple subcutaneous insulin injections developed from
	individual diabetic patient data},
  journal = {Am J Physiol-Endoc M},
  year = {1995},
  volume = {269},
  pages = {E1115},
  number = {6},
  owner = {allasan},
  publisher = {Am Physiological Soc},
  timestamp = {2012.10.23}
}

@ARTICLE{quon1994non,
  author = {Quon, MJ and Cochran, C. and Taylor, SI and Eastman, RC},
  title = {Non-insulin-mediated glucose disappearance in subjects with IDDM.
	Discordance between experimental results and minimal model analysis.},
  journal = {Diabetes},
  year = {1994},
  volume = {43},
  pages = {890},
  number = {7},
  abstract = {the minimal model appears to overestimate the effect of glucose per
	se on glucose uptake and underestimate the contribution of incremental
	insulin},
  owner = {allasan},
  publisher = {Am Diabetes Assoc},
  timestamp = {2012.10.23}
}

@ARTICLE{rebrin1999subcutaneous,
  author = {Rebrin, K. and Steil, G.M. and Van Antwerp, W.P. and Mastrototaro,
	J.J.},
  title = {Subcutaneous glucose predicts plasma glucose independent of insulin:
	implications for continuous monitoring},
  journal = {Am J Physiol-Endoc M},
  year = {1999},
  volume = {277},
  pages = {E561},
  number = {3},
  owner = {allasan},
  publisher = {Am Physiological Soc},
  timestamp = {2012.10.23}
}

@ARTICLE{regittnig1999plasma,
  author = {Regittnig, W. and Trajanoski, Z. and Leis, HJ and Ellmerer, M. and
	Wutte, A. and Sendlhofer, G. and Schaupp, L. and Brunner, GA and
	Wach, P. and Pieber, TR},
  title = {Plasma and interstitial glucose dynamics after intravenous glucose
	injection: evaluation of the single-compartment glucose distribution
	assumption in the minimal models},
  journal = {Diabetes},
  year = {1999},
  volume = {48},
  pages = {1070},
  number = {5},
  owner = {allasan},
  publisher = {Am Diabetes Assoc},
  timestamp = {2012.10.23}
}

@MASTERSTHESIS{AnaRevert,
  author = {Revert, Ana},
  title = {Modelado e identificación de la absorción subcutánea de la insulina
	humana y análogos de insulina},
  school = {ETSII, UPV},
  year = {2008},
  owner = {allasan},
  timestamp = {2009.11.30}
}

@ARTICLE{revert2011calculation,
  author = {Revert, A and Calm, R and Veh\'i, J and Bondia, J},
  title = {Calculation of the best basal-bolus combination for postprandial
	glucose control in insulin pump therapy},
  journal = {IEEE T Bio-Med Eng},
  year = {2011},
  volume = {58},
  pages = {274-281},
  number = {2},
  owner = {allasan},
  timestamp = {2012.10.23}
}

@CONFERENCE{anaATTD2010,
  author = {Revert, A and Calm, R and Veh\'i, J and Bondia, J},
  title = {Combining Basal-Bolus Insulin Infusion for Tight Postprandial Glucose
	Control. An In Silico Evaluation in Adults, Children and Adolescents},
  booktitle = {The 3rd International Conference on Advanced Technologies \& Treatments
	for Diabetes},
  year = {2010},
  owner = {allasan},
  timestamp = {2010.07.20}
}

@CONFERENCE{RevertDTM2009,
  author = {Revert, A and Calm, R and Veh\'i, J and Bondia, J},
  title = {Calculation of the best Basal-Bolus combination for postprandial
	glucose control in insulin pump therapy. An in silico validation},
  booktitle = {9th annual Diabetes Technology Meeting},
  year = {2009},
  owner = {allasan},
  timestamp = {2009.12.22}
}

@ARTICLE{revert2010combining,
  author = {Revert, A and Rossetti, P and Calm, R and Veh\'i, J and Bondia, J},
  title = {Combining Basal--Bolus Insulin Infusion for Tight Postprandial Glucose
	Control: An in Silico Evaluation in Adults, Children, and Adolescents},
  journal = {J Diab Sci Technol},
  year = {2010},
  volume = {4},
  pages = {1424--1437},
  number = {6},
  owner = {allasan},
  publisher = {Diabetes Technology Society},
  timestamp = {2012.10.23}
}

@ARTICLE{rodriguez2006novel,
  author = {Rodriguez-Fernandez, M. and Egea, J.A. and Banga, J.R.},
  title = {Novel metaheuristic for parameter estimation in nonlinear dynamic
	biological systems},
  journal = {BMC bioinformatics},
  year = {2006},
  volume = {7},
  pages = {483},
  number = {1},
  owner = {allasan},
  publisher = {BioMed Central Ltd},
  timestamp = {2012.10.23}
}

@PHDTHESIS{TesisVigo,
  author = {Rodríguez Fernández, María},
  title = {Modelado e identificación de bioprocesos},
  school = {Universidad de Vigo},
  year = {2006},
  owner = {allasan},
  timestamp = {2009.11.30}
}

@ARTICLE{paoloibolus2012,
  author = {Rossetti, P and Ampudia-Blasco, FJ and Laguna, AJ and Revert, A and
	Veh\'i, J and Ascaso, JF and Bondia, J},
  title = {Evaluation of a Novel Continuous Glucose Monitoring-Based Method
	for Mealtime Insulin Dosing -the iBolus- in Subjects with Type 1
	Diabetes Using Continuous Subcutaneous Insulin Infusion Therapy:
	A Randomized Controlled Trial},
  journal = {Diabetes Technol Ther},
  year = {2012},
  volume = {14 (11)},
  pages = {10.1089/dia.2012.0145},
  owner = {allasan},
  timestamp = {2012.10.23}
}

@ARTICLE{rossetti2010estimating,
  author = {Rossetti, P and Bondia, J and Veh\'i, J and Fanelli, CG},
  title = {Estimating Plasma Glucose from Interstitial Glucose: The Issue of
	Calibration Algorithms in Commercial Continuous Glucose Monitoring
	Devices},
  journal = {Sensors},
  year = {2010},
  volume = {10},
  pages = {10936--10952},
  number = {12},
  owner = {allasan},
  publisher = {Molecular Diversity Preservation International},
  timestamp = {2012.10.23}
}

@ARTICLE{rossetti2008effect,
  author = {Rossetti, P. and Porcellati, F. and Busciantella Ricci, N. and Candeloro,
	P. and Cioli, P. and Nair, K.S. and Santeusanio, F. and Bolli, G.B.
	and Fanelli, C.G.},
  title = {Effect of oral amino acids on counterregulatory responses and cognitive
	function during insulin-induced hypoglycemia in nondiabetic and type
	1 diabetic people},
  journal = {Diabetes},
  year = {2008},
  volume = {57},
  pages = {1905},
  number = {7},
  owner = {allasan},
  publisher = {Am Diabetes Assoc},
  timestamp = {2012.10.23}
}

@ARTICLE{rossetti2008superiority,
  author = {Rossetti, P. and Porcellati, F. and Fanelli, C.G. and Perriello,
	G. and Torlone, E. and Bolli, P.G.B.},
  title = {Superiority of insulin analogues versus human insulin in the treatment
	of diabetes mellitus},
  journal = {Archives of physiology and biochemistry},
  year = {2008},
  volume = {114},
  pages = {3--10},
  number = {1},
  owner = {allasan},
  publisher = {Informa Pharma Science},
  timestamp = {2012.10.23}
}

@ARTICLE{roy2007dynamic,
  author = {Roy, A. and Parker, R.S.},
  title = {Dynamic modeling of exercise effects on plasma glucose and insulin
	levels},
  journal = {J Diab Sci Technol},
  year = {2007},
  volume = {1},
  pages = {338--347},
  number = {3},
  owner = {allasan},
  timestamp = {2012.10.23}
}

@ARTICLE{schaller2006line,
  author = {Schaller, HC and Schaupp, L. and Bodenlenz, M. and Wilinska, ME and
	Chassin, LJ and Wach, P. and Vering, T. and Hovorka, R. and Pieber,
	TR},
  title = {On-line adaptive algorithm with glucose prediction capacity for subcutaneous
	closed loop control of glucose: evaluation under fasting conditions
	in patients with Type 1 diabetes},
  journal = {Diabetic Medicine},
  year = {2006},
  volume = {23},
  pages = {90--93},
  number = {1},
  owner = {allasan},
  publisher = {Chichester [Sussex, England]; New York: Wiley,[c1984-},
  timestamp = {2012.10.23}
}

@ARTICLE{scheiner2005characteristics,
  author = {Scheiner, G. and Boyer, B.A.},
  title = {Characteristics of basal insulin requirements by age and gender in
	Type-1 diabetes patients using insulin pump therapy},
  journal = {Diabetes Research and Clinical Practice},
  year = {2005},
  volume = {69},
  pages = {14--21},
  number = {1},
  owner = {allasan},
  publisher = {Elsevier},
  timestamp = {2012.10.23}
}

@ARTICLE{shimoda1997closed,
  author = {Shimoda, S. and Nishida, K. and Sakakida, M. and Konno, Y. and Ichinose,
	K. and Uehara, M. and Nowak, T. and Shichiri, M.},
  title = {Closed-loop subcutaneous insulin infusion algorithm with a short-acting
	insulin analog for long-term clinical application of a wearable artificial
	endocrine pancreas.},
  journal = {Frontiers of medical and biological engineering: the international
	journal of the Japan Society of Medical Electronics and Biological
	Engineering},
  year = {1997},
  volume = {8},
  pages = {197},
  number = {3},
  owner = {allasan},
  timestamp = {2012.10.23}
}

@ARTICLE{silveira2008coloring,
  author = {Silveira Santos, J.C. and Daoud Yacoub, M.},
  title = {Coloring Non-Gaussian Sequences},
  journal = {IEEE Transactions on Signal Processing},
  year = {2008},
  volume = {56},
  pages = {5817--5822},
  number = {12},
  owner = {allasan},
  publisher = {Institute of Electrical and Electronics Engineers},
  timestamp = {2012.10.23}
}

@ARTICLE{sonnenberg1983human,
  author = {Sonnenberg, GE and Berger, M.},
  title = {Human insulin: Much ado about one amino acid?},
  journal = {Diabetologia},
  year = {1983},
  volume = {25},
  pages = {457--459},
  number = {6},
  owner = {allasan},
  publisher = {Springer},
  timestamp = {2012.10.23}
}

@ARTICLE{steil2006feasibility,
  author = {Steil, G.M. and Rebrin, K. and Darwin, C. and Hariri, F. and Saad,
	M.F.},
  title = {Feasibility of automating insulin delivery for the treatment of type
	1 diabetes},
  journal = {Diabetes},
  year = {2006},
  volume = {55},
  pages = {3344},
  number = {12},
  owner = {allasan},
  publisher = {Am Diabetes Assoc},
  timestamp = {2012.10.23}
}

@ARTICLE{DTM2008,
  author = {Garry M. Steil and Jaques Reifman},
  title = {Mathematical Modeling Research to Support the Development of Automated
	Insulin-Delivery Systems},
  journal = {J Diab Sci Technol},
  year = {2009},
  volume = {3 (2)},
  pages = {388--395},
  owner = {allasan},
  timestamp = {2009.12.17}
}

@ARTICLE{stahl2009diabetes,
  author = {St{\aa}hl, F. and Johansson, R.},
  title = {Diabetes mellitus modeling and short-term prediction based on blood
	glucose measurements},
  journal = {Math Biosci},
  year = {2009},
  volume = {217},
  pages = {101--117},
  number = {2},
  owner = {allasan},
  publisher = {Elsevier},
  timestamp = {2012.10.23}
}

@ARTICLE{tarin2005comprehensive,
  author = {Tarin, C and Teufel, E and Pico, J and Bondia, J and Pfleiderer,
	HJ},
  title = {Comprehensive pharmacokinetic model of insulin Glargine and other
	insulin formulations},
  journal = {IEEE T Bio-Med Eng},
  year = {2005},
  volume = {52},
  pages = {1994--2005},
  number = {12},
  owner = {allasan},
  timestamp = {2012.10.23}
}

@PHDTHESIS{edgarthesis,
  author = {Teufel, P.E. and Dekan, A. and Pfleiderer, I.H.J.},
  title = {Eine Dosierungshilfe f\"{u}r Insulin bei Typ 1 Diabetes},
  school = {Fakult\"{a}t fur Ingenieurwissenschafte, Universit\"{a}t Ulm},
  year = {April 2004},
  owner = {allasan},
  timestamp = {2010.01.19}
}

@ARTICLE{torlone1994,
  author = {Torlone, E. and Fanelli, C. and Rambotti, AM and Kassi, G. and Modarelli,
	F. and Vincenzo, A. and Epifano, L. and Ciofetta, M. and Pampanelli,
	S. and Brunetti, P. and others},
  title = {Pharmacokinetics, pharmacodynamics and glucose counterregulation
	following subcutaneous injection of the monomeric insulin analogue
	[Lys (B28), Pro (B29)] in T1DM},
  journal = {Diabetologia},
  year = {1994},
  volume = {37},
  pages = {713--720},
  number = {7},
  owner = {allasan},
  publisher = {Springer},
  timestamp = {2012.10.23}
}

@ARTICLE{trajanoski1993pharmacokinetic,
  author = {Trajanoski, Z. and Wach, P. and Kotanko, P. and Ott, A. and Skraba,
	F.},
  title = {Pharmacokinetic Model for the Absorption of Subcutaneously Injected
	Soluble Insulin and Monomeric Insulin-Analogues-Pharmakokinetisches
	Modell f{\"u}r die Absorption von subkutan injiziertem l{\"o}slichem
	Insulin und monomeren Insulinanaloga},
  journal = {Biomedizinische Technik/Biomedical Engineering},
  year = {1993},
  volume = {38},
  pages = {224--231},
  number = {9},
  owner = {allasan},
  publisher = {Walter de Gruyter, Berlin/New York Berlin, New York},
  timestamp = {2012.10.23}
}

@ARTICLE{versyck1998optimal,
  author = {Versyck, KJ and Claes, JE and Van Impe, JF},
  title = {Optimal experimental design for practical identification of unstructured
	growth models},
  journal = {Mathematics and computers in simulation},
  year = {1998},
  volume = {46},
  pages = {621--629},
  number = {5-6},
  owner = {allasan},
  publisher = {Elsevier},
  timestamp = {2012.10.23}
}

@ARTICLE{vicini1999glucose,
  author = {Vicini, P. and Caumo, A. and Cobelli, C.},
  title = {Glucose effectiveness and insulin sensitivity from the minimalmodels:
	consequences of undermodeling assessed by Monte Carlo simulation},
  journal = {IEEE T Bio-Med Eng},
  year = {1999},
  volume = {46},
  pages = {130--137},
  number = {2},
  owner = {allasan},
  timestamp = {2012.10.23}
}

@BOOK{walter1997,
  title = {Identification of parametric models},
  publisher = {Springer Heidelberg},
  year = {1997},
  author = {Walter, E. and Pronzato, L.},
  owner = {allasan},
  timestamp = {2012.10.23}
}

@ARTICLE{wasserman1989glucagon,
  author = {Wasserman, DH and Spalding, JA and Lacy, DB and Colburn, CA and Goldstein,
	RE and Cherrington, AD},
  title = {Glucagon is a primary controller of hepatic glycogenolysis and gluconeogenesis
	during muscular work},
  journal = {Am J Physiol-Endoc M},
  year = {1989},
  volume = {257},
  pages = {E108},
  number = {1},
  owner = {allasan},
  publisher = {Am Physiological Soc},
  timestamp = {2012.10.23}
}

@ARTICLE{simuladorhovorka,
  author = {Wilinska, ME and Chassin, LJ and Acerini, CL and Allen, JM and Dunger,
	DB and Hovorka, R},
  title = {Simulation Environment to Evaluate Closed-Loop Insulin Delivery Systems
	in Type 1 Diabetes},
  journal = {J Diab Sci Technol},
  year = {2010},
  volume = {4(1)},
  pages = {132--144},
  owner = {allasan},
  timestamp = {2010.01.12}
}

@ARTICLE{wilinska2005insulin,
  author = {Wilinska, ME and Chassin, LJ and Schaller, HC and Schaupp, L. and
	Pieber, TR and Hovorka, R.},
  title = {Insulin kinetics in type-1 diabetes: continuous and bolus delivery
	of rapid acting insulin},
  journal = {IEEE T Bio-Med Eng},
  year = {2005},
  volume = {52},
  pages = {3--12},
  number = {1},
  owner = {allasan},
  timestamp = {2012.10.23}
}

@ARTICLE{wilinska2009simulation,
  author = {Wilinska, M.E. and Hovorka, R.},
  title = {Simulation models for< i> in silico</i> testing of closed-loop glucose
	controllers in type 1 diabetes},
  journal = {Drug Discovery Today: Disease Models},
  year = {2009},
  volume = {5},
  pages = {289--298},
  number = {4},
  publisher = {Elsevier}
}

@ARTICLE{williams1970electrochemical,
  author = {Williams, D.L. and Doig Jr, A.R. and Korosi, A.},
  title = {Electrochemical-enzymatic analysis of blood glucose and lactate},
  journal = {Analytical Chemistry},
  year = {1970},
  volume = {42},
  pages = {118--121},
  number = {1},
  owner = {allasan},
  publisher = {ACS Publications},
  timestamp = {2012.10.23}
}

@BOOK{handbook,
  title = {Handbook of Diabetes},
  publisher = {Blackwell Publishing},
  year = {1992},
  editor = {Alison Brown},
  author = {Gareth Williams and John C. Pickup},
  owner = {allasan},
  timestamp = {2009.12.10}
}

@ARTICLE{Wolpert2008,
  author = {H.A. Wolpert},
  title = {The nuts and bolts of achieving end points with real-time continuous
	glucose monitoring},
  journal = {Diabet Care},
  year = {2008},
  volume = {31},
  pages = {146-149},
  owner = {allasan},
  timestamp = {2012.06.28}
}

@ARTICLE{wong2008subcutaneous,
  author = {Wong, J. and Chase, J.G. and Hann, C.E. and Shaw, G.M. and Lotz,
	T.F. and Lin, J. and Le Compte, A.J.},
  title = {A subcutaneous insulin pharmacokinetic model for computer simulation
	in a diabetes decision support role: validation and simulation},
  journal = {J Diab Sci Technol},
  year = {2008},
  volume = {2(4)},
  pages = {672--680},
  owner = {allasan},
  publisher = {Diabetes Technology Society},
  timestamp = {2012.10.23}
}

@ARTICLE{wong2008subcutaneous2,
  author = {Wong, J. and Chase, J.G. and Hann, C.E. and Shaw, G.M. and Lotz,
	T.F. and Lin, J. and Le Compte, A.J.},
  title = {A subcutaneous insulin pharmacokinetic model for computer simulation
	in a diabetes decision support role: model structure and parameter
	identification},
  journal = {J Diab Sci Technol},
  year = {2008},
  volume = {2(4)},
  pages = {658--671},
  owner = {allasan},
  publisher = {Diabetes Technology Society},
  timestamp = {2012.10.23}
}

@PHDTHESIS{wong2008model,
  author = {Wong, X.W.},
  title = {Model-Based Therapeutics for Type 1 Diabetes Mellitus},
  school = {University of Canterbury. Mechanical Engineering},
  year = {2008},
  owner = {allasan},
  timestamp = {2009.12.29}
}

@ARTICLE{worthington1997minimal,
  author = {Worthington, DRL},
  title = {Minimal model of food absorption in the gut},
  journal = {Informatics for Health and Social Care},
  year = {1997},
  volume = {22},
  pages = {35--45},
  number = {1},
  owner = {allasan},
  publisher = {Informa UK Ltd UK},
  timestamp = {2012.10.23}
}

@ARTICLE{zisser2009accuracy,
  author = {Zisser, H.C. and Bailey, T.S. and Schwartz, S. and Ratner, R.E. and
	Wise, J.},
  title = {Accuracy of the SEVEN{\textregistered} Continuous Glucose Monitoring
	System: Comparison with Frequently Sampled Venous Glucose Measurements},
  journal = {J Diab Sci Technol},
  year = {2009},
  volume = {3},
  pages = {1146--1154},
  number = {5},
  owner = {allasan},
  publisher = {Diabetes Technology Society},
  timestamp = {2012.10.23}
}

@comment{jabref-meta: selector_publisher:}

@comment{jabref-meta: selector_author:}

@comment{jabref-meta: selector_journal:}

@comment{jabref-meta: selector_keywords:}

